@article{usbmalware,
    author = {Singh, Debabrata and Biswal, Anil Kumar and Samanta, Debabrata and Lee, Heung-No and Islam, Hafizul and Karuppiah, Marimuthu and Chen, Chien-Ming},
    year = {2022},
    month = {01},
    pages = {},
    title = {Juice Jacking: Security Issues and Improvements in USB Technology},
    volume = {14},
    journal = {Sustainability},
    doi = {10.3390/su14020939}
}

@misc{rest,
    title="What is a REST API? - Red Hat [Электронный ресурс]",
    howpublished="Режим доступа: \url{https://www.redhat.com/en/topics/api/what-is-a-rest-api} (дата обращения: 10.05.2022)"
}
